@article{feragina,
	author = "Ferragina, P., Manzini, G.,",
	title = "Opportunistic data structures with applications",
	journal = "IEEE Symposium on Foundations of Computer Science",
	year = "2000",
	pages = "390 - 398"
	}

@book{domazet_sikic_skripta,
 author = {Šikić, Mile and Domazet-Lošo, Mirjana},
 title = {Bioinformatika},
 year = {2013},
 edition = {1nd},
},

@Inbook{Beller2011,
title = "Computing the longest common prefix array based on the Burrows–Wheeler transform ",

journal = "Journal of Discrete Algorithms ",

volume = "18",

number = "",

pages = "22 - 31",

year = "2013",

note = "Selected papers from the 18th International Symposium on String Processing and Information Retrieval (SPIRE 2011) ",

issn = "1570-8667",

doi = "http://dx.doi.org/10.1016/j.jda.2012.07.007",

url = "http://www.sciencedirect.com/science/article/pii/S1570866712001104",

author = "Timo Beller and Simon Gog and Enno Ohlebusch and Thomas Schnattinger"
},
@book{wt_book,
 author = {Knudsen, Jan H. and Pedersen, Roland L.},
 title = {Engineering Rank and Select Queries on
Wavelet Trees},
 year = {2015}
},